<record><leader>00000cas a22000007a 4500</leader><controlfield tag="001">14278287</controlfield><controlfield tag="008">860929d19541966txuwr ne      0    0eng d</controlfield><datafield ind1=" " ind2=" " tag="010"><subfield code="a">sn 86089264 </subfield></datafield><datafield ind1=" " ind2=" " tag="040"><subfield code="a">PPM</subfield><subfield code="b">eng</subfield><subfield code="c">PPM</subfield><subfield code="d">OCLCQ</subfield></datafield><datafield ind1="0" ind2=" " tag="041"><subfield code="a">eng</subfield><subfield code="a">ger</subfield></datafield><datafield ind1=" " ind2=" " tag="042"><subfield code="a">msc</subfield></datafield><datafield ind1="0" ind2="0" tag="245"><subfield code="a">New Braunfels zeitung-chronicle.</subfield></datafield><datafield ind1=" " ind2=" " tag="260"><subfield code="a">New Braunfels, Tex. :</subfield><subfield code="b">New Braunfels Zeitung-Chronicle,</subfield><subfield code="c">1954-</subfield></datafield><datafield ind1=" " ind2=" " tag="300"><subfield code="a">volumes :</subfield><subfield code="b">illustrations ;</subfield><subfield code="c">45 cm</subfield></datafield><datafield ind1=" " ind2=" " tag="310"><subfield code="a">Weekly</subfield></datafield><datafield ind1=" " ind2=" " tag="336"><subfield code="a">text</subfield><subfield code="b">txt</subfield><subfield code="2">rdacontent</subfield></datafield><datafield ind1=" " ind2=" " tag="337"><subfield code="a">unmediated</subfield><subfield code="b">n</subfield><subfield code="2">rdamedia</subfield></datafield><datafield ind1=" " ind2=" " tag="338"><subfield code="a">volume</subfield><subfield code="b">nc</subfield><subfield code="2">rdacarrier</subfield></datafield><datafield ind1="0" ind2=" " tag="362"><subfield code="a">Vol. 102, no. 44 (June 24, 1954)-</subfield></datafield><datafield ind1="1" ind2=" " tag="362"><subfield code="a">Ceased in 1966.</subfield></datafield><datafield ind1=" " ind2=" " tag="546"><subfield code="a">In English and German.</subfield></datafield><datafield ind1=" " ind2=" " tag="752"><subfield code="a">United States</subfield><subfield code="b">Texas</subfield><subfield code="c">Comal</subfield><subfield code="d">New Braunfels.</subfield></datafield><datafield ind1="0" ind2="4" tag="780"><subfield code="t">Neu-Braunfelser zeitung</subfield><subfield code="w">(OCoLC)10278345</subfield></datafield><datafield ind1="0" ind2="4" tag="780"><subfield code="t">Comal County chronicle</subfield></datafield><datafield ind1="0" ind2="7" tag="785"><subfield code="t">New Braunfels herald</subfield><subfield code="w">(DLC)sn 86089976</subfield></datafield><datafield ind1="0" ind2="7" tag="785"><subfield code="t">New Braunfels herald and zeitung</subfield><subfield code="w">(DLC)sn 88083588</subfield></datafield></record>